<?xml version="1.0" encoding="UTF-8"?><record xmlns="http://www.loc.gov/MARC21/slim" xmlns:cinclude="http://apache.org/cocoon/include/1.0" xmlns:zs="http://www.loc.gov/zing/srw/">
  <leader>00684cz  a2200205n  4500</leader>
  <controlfield tag="001">no2005111100</controlfield>
  <controlfield tag="003">DLC</controlfield>
  <controlfield tag="005">20130426075238.0</controlfield>
  <controlfield tag="008">051123n| azannaabn          |a aaa      </controlfield>
  <datafield tag="010" ind1=" " ind2=" ">
    <subfield code="a">no2005111100</subfield>
  </datafield>
  <datafield tag="035" ind1=" " ind2=" ">
    <subfield code="a">(OCoLC)oca06789454</subfield>
  </datafield>
  <datafield tag="040" ind1=" " ind2=" ">
    <subfield code="a">InU</subfield>
    <subfield code="b">eng</subfield>
    <subfield code="c">InU</subfield>
    <subfield code="e">rda</subfield>
    <subfield code="d">DNLM</subfield>
  </datafield>
  <datafield tag="046" ind1=" " ind2=" ">
    <subfield code="f">1855</subfield>
    <subfield code="g">1940</subfield>
  </datafield>
  <datafield tag="100" ind1="1" ind2=" ">
    <subfield code="a">Lewis, F. Park</subfield>
    <subfield code="q">(Francis Park),</subfield>
    <subfield code="d">1855-1940</subfield>
  </datafield>
  <datafield tag="378" ind1=" " ind2=" ">
    <subfield code="q">Francis Park</subfield>
  </datafield>
  <datafield tag="400" ind1="1" ind2=" ">
    <subfield code="a">Lewis, Francis Park,</subfield>
    <subfield code="d">1855-1940</subfield>
  </datafield>
  <datafield tag="400" ind1="1" ind2=" ">
    <subfield code="a">Lewis, Park,</subfield>
    <subfield code="d">1855-1940</subfield>
  </datafield>
  <datafield tag="670" ind1=" " ind2=" ">
    <subfield code="a">Infant blindness, 1924:</subfield>
    <subfield code="b">cover (F. Park Lewis, M.D., Buffalo, N.Y.)</subfield>
  </datafield>
  <datafield tag="670" ind1=" " ind2=" ">
    <subfield code="a">What to do for blind children, 1914?:</subfield>
    <subfield code="b">t.p. (Park Lewis)</subfield>
  </datafield>
  <datafield tag="670" ind1=" " ind2=" ">
    <subfield code="a">OCLC, Nov. 23, 2005</subfield>
    <subfield code="b">(Lewis, Francis Park, 1855-1940)</subfield>
  </datafield>
</record>